@preamble{ "\newcommand{\noopsort}[1]{} "
	# "\newcommand{\printfirst}[2]{#1} "
	# "\newcommand{\singleletter}[1]{#1} "
	# "\newcommand{\switchargs}[2]{#2#1} " }

@misc{nakamoto2009bitcoin,
  title = {Bitcoin: A Peer-to-Peer Electronic Cash System},
  author = {Satoshi Nakamoto},
  howpublished = {\url{https://bitcoin.org/bitcoin.pdf}},
  year = 2008,
  note = {[Citované 2018-01-24]}
}

@inproceedings{dwork1992pricing,
  title={Pricing via processing or combatting junk mail},
  author={Dwork, Cynthia and Naor, Moni},
  booktitle={Annual International Cryptology Conference},
  pages={139--147},
  year={1992}
}

@inproceedings{malone2014bitcoin,
  title={Bitcoin Mining and its Energy Footprint},
  author={Karl J. O'Dwyer and David Malone},
  booktitle={Irish Signals and Systems Conference},
  year={2014},
  pages={280--285}
}

@misc{king2012ppcoin,
  title={PPCoin: Peer-to-Peer Crypto-Currency with Proof-of-Stake},
  author={Sunny King and Scott Nada;},
  year=2012,
  howpublished={\url{https://pdfs.semanticscholar.org/0db3/8d32069f3341d34c35085dc009a85ba13c13.pdf}},
  note={[Citované 2019-01-24]}
}

@inproceedings{castro1999practical,
  title={Practical Byzantine fault tolerance},
  author={Castro, Miguel and Liskov, Barbara and others},
  booktitle={OSDI},
  volume={99},
  pages={173--186},
  year={1999}
}

@misc{mazieres2015stellar,
  title={The Stellar Consensus Protocol: A Federated Model for Internet-level Consensus},
  author={Mazieres, David},
  year=2015,
  howpublished={\url{https://www.stellar.org/papers/stellar-consensus-protocol.pdf}},
  note={[Citované 2019-01-24]}
}

@techreport{fischer1982impossibility,
  title={Impossibility of distributed consensus with one faulty process.},
  author={M. J. Fischer, N. A. Lynch, M. S. Paterson},
  year={1982},
  institution={MIT, CAMBRIDGE LABORATORY FOR COMPUTER SCIENCE}
}

@incollection{karp1972reducibilitysetcover,
  title={Reducibility among combinatorial problems},
  author={Karp, Richard M.},
  booktitle={Complexity of computer computations},
  pages={85--103},
  year={1972},
  publisher={Springer}
}

@inproceedings{cook1971complexity,
  title={The complexity of theorem-proving procedures},
  author={Cook, Stephen A.},
  booktitle={Proceedings of the third annual ACM symposium on Theory of computing},
  pages={151--158},
  year={1971},
  organization={ACM}
}

@misc{lachowski2019,
  title = {Complexity of the quorum intersection property of the Federated Byzantine Agreement System},
  author = {Lachowski, Łukasz},
  year = {2019},
  howpublished={\url{https://arxiv.org/pdf/1902.06493.pdf}},
  note={[Citované 2019-04-10]}
}

@inbook{gamma1995design,
  title={Design Patterns: Elements of Reusable Object-Oriented Software Addison-Wesley},
  author={Gamma, Erich and Helm, Richard and Johnson, Ralph and Vlissides, John},
  pages={315-325},
  year={1995}
}

@book{fisher1943statistical,
  title={Statistical tables for biological, agricultural and medical research},
  author={Fisher, Ronald A and Yates, Frank},
  year={1943},
  publisher={Oliver and Boyd}
}

@inproceedings{li2007beyond,
  title={Beyond One-Third Faulty Replicas in Byzantine Fault Tolerant Systems.},
  author={Li, Jinyuan and Mazi{\'e}res, David},
  booktitle={In Proceedings of the 4th Symposium on Networked Systems Design and Implementation},
  year={2007},
  pages={131-144}
}
